



@article{Ewald,
author = {Ewald, P. P.},
title = {Die Berechnung optischer und elektrostatischer Gitterpotentiale},
journal = {Annalen der Physik},
volume = {369},
number = {3},
pages = {253-287},
doi = {https://doi.org/10.1002/andp.19213690304},
url = {https://onlinelibrary.wiley.com/doi/abs/10.1002/andp.19213690304},
year = {1921}
}





@misc{Questaal,
  title = {{TBE code}},
  author = {Tony Paxton},
  url = {https://www.questaal.org/docs/code/tbe/},
  year = {2009}
}


@article{FinnisPRL98,
  title = {Crystal Structures of Zirconia from First Principles and Self-Consistent Tight Binding},
  author = {Finnis, M. W. and Paxton, A. T. and Methfessel, M. and van Schilfgaarde, M.},
  journal = {Phys. Rev. Lett.},
  volume = {81},
  issue = {23},
  pages = {5149--5152},
  numpages = {0},
  year = {1998},
  month = {Dec},
  publisher = {American Physical Society},
  doi = {10.1103/PhysRevLett.81.5149},
  url = {https://link.aps.org/doi/10.1103/PhysRevLett.81.5149}
}


@article{PaxtonPRB08,
  title = {Magnetic tight binding and the iron-chromium enthalpy anomaly},
  author = {Paxton, Anthony T. and Finnis, Michael W.},
  journal = {Phys. Rev. B},
  volume = {77},
  issue = {2},
  pages = {024428},
  numpages = {16},
  year = {2008},
  month = {Jan},
  publisher = {American Physical Society},
  doi = {10.1103/PhysRevB.77.024428},
  url = {https://link.aps.org/doi/10.1103/PhysRevB.77.024428}
}




@BOOK{PaxtonNotes,
title = {Multiscale Simulation Methods in Molecular Sciences},
editor = {J. Grotendorst and N. Attig and S. Bl\"ugel and D. Marx},
publisher = {Academic Press, Institute for Advanced Simulation, Forschungszentrum J\"ulich},
volume = {42},
pages = {145-176},
year = {2009},
issn = {978-3-9810843-8-2},
url = {https://tonypaxton.org/Notes/TB.pdf},
author = {Anthony T. Paxton}
}





% IMPORTANT: The following is UTF-8 encoded.  This means that in the presence
% of non-ASCII characters, it will not work with BibTeX 0.99 or older.
% Instead, you should use an up-to-date BibTeX implementation like ?bibtex8? or
% ?biber?.
@BOOK{pavariniChap,
      key          = {819465},
      author={Pavarini, Eva},
      chap={{O}rbital {O}rdering},
      editor       = {Pavarini, Eva and Koch, Erik and van den Brink, Jeroen and
                      Sawatzky, George},
      title        = {{Q}uantum {M}aterials: {E}xperiments and {T}heory},
      volume       = {6},
      address      = {J\"ulich},
      publisher    = {Forschungszentrum J\"ulich GmbH Zentralbibliothek, Verlag},
      reportid     = {FZJ-2016-05129},
      isbn         = {978-3-95806-159-0},
      series       = {Schriften des Forschungszentrums J\"ulich. Reihe modeling
                      and simulation},
      pages        = {420 S.},
      year         = {2016},
      month         = {Sep},
      date          = {2016-09-12},
      organization  = {Autumn School on Correlated Electrons,
                       J\"ulich (Germany), 12 Sep 2016 - 16 Sep
                       2016},
      cin          = {IAS-3 / JSC},
      cid          = {I:(DE-Juel1)IAS-3-20090406 / I:(DE-Juel1)JSC-20090406},
      pnm          = {511 - Computational Science and Mathematical Methods
                      (POF3-511) / 6212 - Quantum Condensed Matter: Magnetism,
                      Superconductivity (POF3-621)},
      pid          = {G:(DE-HGF)POF3-511 / G:(DE-HGF)POF3-6212},
      typ          = {PUB:(DE-HGF)3 / PUB:(DE-HGF)26},
      url          = {https://juser.fz-juelich.de/record/819465},
}





@incollection{Sturge68,
title = {The Jahn-Teller Effect in Solids},
editor = {Frederick Seitz and David Turnbull and Henry Ehrenreich},
series = {Solid State Physics},
publisher = {Academic Press},
volume = {20},
pages = {91-211},
year = {1968},
issn = {0081-1947},
doi = {https://doi.org/10.1016/S0081-1947(08)60218-0},
url = {https://www.sciencedirect.com/science/article/pii/S0081194708602180},
author = {M.D. Sturge}
}



@article{GehringRPP75,
doi = {10.1088/0034-4885/38/1/001},
url = {https://dx.doi.org/10.1088/0034-4885/38/1/001},
year = {1975},
month = {jan},
publisher = {},
volume = {38},
number = {1},
pages = {1},
author = {G A Gehring and  K A Gehring},
title = {Co-operative Jahn-Teller effects},
journal = {Reports on Progress in Physics}
}


@article{KugelSPU82,
doi = {10.1070/PU1982v025n04ABEH004537},
url = {https://dx.doi.org/10.1070/PU1982v025n04ABEH004537},
year = {1982},
month = {apr},
publisher = {},
volume = {25},
number = {4},
pages = {231},
author = {Kliment I Kugel' and  D I Khomski?},
title = {The Jahn-Teller effect and magnetism: transition metal
compounds},
journal = {Soviet Physics Uspekhi}
}




@article{YamadaPRL18,
  title = {Emergent $\mathrm{SU}(4)$ Symmetry in $\ensuremath{\alpha}\text{\ensuremath{-}}{\mathrm{ZrCl}}_{3}$ and Crystalline Spin-Orbital Liquids},
  author = {Yamada, Masahiko G. and Oshikawa, Masaki and Jackeli, George},
  journal = {Phys. Rev. Lett.},
  volume = {121},
  issue = {9},
  pages = {097201},
  numpages = {6},
  year = {2018},
  month = {Aug},
  publisher = {American Physical Society},
  doi = {10.1103/PhysRevLett.121.097201},
  url = {https://link.aps.org/doi/10.1103/PhysRevLett.121.097201}
}



@article{LiuPRL19,
  title = {Pseudo-Jahn-Teller Effect and Magnetoelastic Coupling in Spin-Orbit Mott Insulators},
  author = {Liu, Huimei and Khaliullin, Giniyat},
  journal = {Phys. Rev. Lett.},
  volume = {122},
  issue = {5},
  pages = {057203},
  numpages = {6},
  year = {2019},
  month = {Feb},
  publisher = {American Physical Society},
  doi = {10.1103/PhysRevLett.122.057203},
  url = {https://link.aps.org/doi/10.1103/PhysRevLett.122.057203}
}


@article{JahnPRSL38,
author = {Jahn, H. A.  and Bragg, William Henry },
title = {Stability of polyatomic molecules in degenerate electronic states II-Spin degeneracy},
journal = {Proceedings of the Royal Society of London. Series A - Mathematical and Physical Sciences},
volume = {164},
number = {916},
pages = {117-131},
year = {1938},
doi = {10.1098/rspa.1938.0008},

URL = {https://royalsocietypublishing.org/doi/abs/10.1098/rspa.1938.0008},
eprint = {https://royalsocietypublishing.org/doi/pdf/10.1098/rspa.1938.0008}
}




@article{StreltsovPRX20,
  title = {Jahn-Teller Effect and Spin-Orbit Coupling: Friends or Foes?},
  author = {Streltsov, Sergey V. and Khomskii, Daniel I.},
  journal = {Phys. Rev. X},
  volume = {10},
  issue = {3},
  pages = {031043},
  numpages = {10},
  year = {2020},
  month = {Aug},
  publisher = {American Physical Society},
  doi = {10.1103/PhysRevX.10.031043},
  url = {https://link.aps.org/doi/10.1103/PhysRevX.10.031043}
}


@article{XiangPRB17,
  title = {Rules and mechanisms governing octahedral tilts in perovskites under pressure},
  author = {Xiang, H. J. and Guennou, Mael and \'I\~niguez, Jorge and Kreisel, Jens and Bellaiche, L.},
  journal = {Phys. Rev. B},
  volume = {96},
  issue = {5},
  pages = {054102},
  numpages = {11},
  year = {2017},
  month = {Aug},
  publisher = {American Physical Society},
  doi = {10.1103/PhysRevB.96.054102},
  url = {https://link.aps.org/doi/10.1103/PhysRevB.96.054102}
}



@article{ShojaeiJPCC18,
author = {Shojaei, Fazel and Yin, Wan-Jian},
title = {Stability Trend of Tilted Perovskites},
journal = {The Journal of Physical Chemistry C},
volume = {122},
number = {27},
pages = {15214-15219},
year = {2018},
doi = {10.1021/acs.jpcc.8b04875},

URL = { 
        https://doi.org/10.1021/acs.jpcc.8b04875
    
},
eprint = { 
        https://doi.org/10.1021/acs.jpcc.8b04875
    
}

}




@article{RondinelliAM12,
author = {Rondinelli, James M. and Fennie, Craig J.},
title = {Octahedral Rotation-Induced Ferroelectricity in Cation Ordered Perovskites},
journal = {Advanced Materials},
volume = {24},
number = {15},
pages = {1961-1968},
keywords = {perovskites, ferroelectricity, cation order, superlattices, density functional theory},
doi = {https://doi.org/10.1002/adma.201104674},
url = {https://onlinelibrary.wiley.com/doi/abs/10.1002/adma.201104674},
eprint = {https://onlinelibrary.wiley.com/doi/pdf/10.1002/adma.201104674},
abstract = {Electronic structure calculations based on density functional theory have uncovered a novel mechanism for inducing ferroelectric polarizations in cation ordered perovskites. We outline a materials selection strategy for designing this behavior. The guidelines are based on the octahedral rotations found in the two constituent oxides and the way the perovskite building blocks are interwoven to form the superlattice.},
year = {2012}
}






@article{ZhouPRL05,
  title = {Universal Octahedral-Site Distortion in Orthorhombic Perovskite Oxides},
  author = {Zhou, J.-S. and Goodenough, J. B.},
  journal = {Phys. Rev. Lett.},
  volume = {94},
  issue = {6},
  pages = {065501},
  numpages = {4},
  year = {2005},
  month = {Feb},
  publisher = {American Physical Society},
  doi = {10.1103/PhysRevLett.94.065501},
  url = {https://link.aps.org/doi/10.1103/PhysRevLett.94.065501}
}


@article{ZhouPRB08,
  title = {Intrinsic structural distortion in orthorhombic perovskite oxides},
  author = {Zhou, J.-S. and Goodenough, J. B.},
  journal = {Phys. Rev. B},
  volume = {77},
  issue = {13},
  pages = {132104},
  numpages = {4},
  year = {2008},
  month = {Apr},
  publisher = {American Physical Society},
  doi = {10.1103/PhysRevB.77.132104},
  url = {https://link.aps.org/doi/10.1103/PhysRevB.77.132104}
}


@article{IvanicJPC96,
author = {Ivanic, Joseph and Ruedenberg, Klaus},
title = {Rotation Matrices for Real Spherical Harmonics. Direct Determination by Recursion},
journal = {The Journal of Physical Chemistry},
volume = {100},
number = {15},
pages = {6342-6347},
year = {1996},
doi = {10.1021/jp953350u},

URL = { 
        https://doi.org/10.1021/jp953350u
    
},
eprint = { 
        https://doi.org/10.1021/jp953350u
    
}

}



@article{OpicRS57,
 ISSN = {00804630},
 URL = {http://www.jstor.org/stable/100101},
 author = {U. \"Opik and M. H. L. Pryce},
 journal = {Proceedings of the Royal Society of London. Series A, Mathematical and Physical Sciences},
 number = {1215},
 pages = {425--447},
 publisher = {The Royal Society},
 title = {Studies of the Jahn-Teller Effect. I. A Survey of the Static Problem},
 urldate = {2023-09-18},
 volume = {238},
 year = {1957}
}





@article{CammarataJCP14,
    author = {Cammarata, Antonio and Rondinelli, James M.},
    title = "{Covalent dependence of octahedral rotations in orthorhombic perovskite oxides}",
    journal = {The Journal of Chemical Physics},
    volume = {141},
    number = {11},
    pages = {114704},
    year = {2014},
    month = {09},
    issn = {0021-9606},
    doi = {10.1063/1.4895967},
    url = {https://doi.org/10.1063/1.4895967},
    eprint = {https://pubs.aip.org/aip/jcp/article-pdf/doi/10.1063/1.4895967/15484681/114704\_1\_online.pdf},
}






@article{YoshidaPRL21,
  title = {Electronic Origin of Non-Zone-Center Phonon Condensation: Octahedral Rotation as a Case Study},
  author = {Yoshida, Suguru and Akamatsu, Hirofumi and Hayashi, Katsuro},
  journal = {Phys. Rev. Lett.},
  volume = {127},
  issue = {21},
  pages = {215701},
  numpages = {6},
  year = {2021},
  month = {Nov},
  publisher = {American Physical Society},
  doi = {10.1103/PhysRevLett.127.215701},
  url = {https://link.aps.org/doi/10.1103/PhysRevLett.127.215701}
}




@article{LeeCM16,
author = {Lee, Jung-Hoon and Bristowe, Nicholas C. and Lee, June Ho and Lee, Sung-Hoon and Bristowe, Paul D. and Cheetham, Anthony K. and Jang, Hyun Myung},
title = {Resolving the Physical Origin of Octahedral Tilting in Halide Perovskites},
journal = {Chemistry of Materials},
volume = {28},
number = {12},
pages = {4259-4266},
year = {2016},
doi = {10.1021/acs.chemmater.6b00968},

URL = { 
        https://doi.org/10.1021/acs.chemmater.6b00968
    
},
eprint = { 
        https://doi.org/10.1021/acs.chemmater.6b00968
    
}

}

    @article {KojimaJACS09,
    author = { Kojima, A. and Teshima, K. and Shirai, Y. and Miyasaka, T.},
    title = {Organometal halide perovskites as visible-light sensitizers for photovoltaic cells},
    journal = {J. Am. Chem. Soc.},
    volume = {131},
    pages = {6050},
    year = {2009}
    }

    @article {LeeS12,
    author = { Lee, M. M. and Teuscher, J. and Miyasaka, T. and Murakami, T. N. and Snaith, H. J.},
    title = {Efficient hybrid solar cells based on meso-superstructured organometal halide perovskites},
    journal = {Science},
    volume = {338},
    pages = {643},
    year = {2012}
    }

    @article {ChungN12,
    author = { Chung, I. and Lee, B. and He, J. and Chang, R. P. and Kanatzidis, M. G.},
    title = {All-solid-state dye-sensitized solar cells with high efficiency},
    journal = {Nature},
    volume = {485},
    pages = {486},
    year = {2012}
    }

    @article {BurschkaN13,
    author = { Burschka, J. and Pellet, N. and Moon, S.-J. and Humphry-Baker, R. and Gao, P. and Nazeeruddin, M. K. and Grätzel, M.},
    title = {Sequential deposition as a route to high-performance perovskite-sensitized solar cells},
    journal = {Nature},
    volume = {499},
    pages = {316},
    year = {2013}
    }

    @article {LiuN13,
    author = { Liu, M. and Johnston, M. B. and Snaith, H. J.},
    title = {Efficient planar heterojunction perovskite solar cells by vapour deposition},
    journal = {Nature},
    volume = {501},
    pages = {395},
    year = {2013}
    }

    @article {GaoEES14,
    author = { Gao, P. and Grätzel, M. and Nazeeruddin, M. K.},
    title = {Organohalide lead perovskites for photovoltaic applications},
    journal = {Energy Environ. Sci.},
    volume = {7},
    pages = {2448},
    year = {2014}
    }

    @article {GreenNP14,
    author = { Green, M. A. and Ho-Baillie, A. and Snaith, H. J.},
    title = {The emergence of perovskite solar cells},
    journal = {Nat. Photonics},
    volume = {8},
    pages = {506},
    year = {2014}
    }

    @article {GratzelNM14,
    author = { Grätzel, M.},
    title = {The light and shade of perovskite solar cells},
    journal = {Nat. Mater.},
    volume = {13},
    pages = {838},
    year = {2014}
    }

    @article {McGeheeNM14,
    author = { McGehee, M. D.},
    title = {Perovskite solar cells: continuing to soar},
    journal = {Nat. Mater.},
    volume = {13},
    pages = {845},
    year = {2014}
    }

    @article {HokeCS15,
    author = { Hoke, E. T. and Slotcavage, D. J. and Dohner, E. R. and Bowring, A. R. and Karunadasa, H. I. and McGehee, M. D.},
    title = {Reversible photo-induced trap formation in mixed-halide hybrid perovskites for photovoltaics},
    journal = {Chem. Sci.},
    volume = {6},
    pages = {613},
    year = {2015}
    }

 
    @article {FilipNC14,
    author = { Filip, M. R. and Eperon, G. E. and Snaith, H. J. and Giustino, F.},
    title = {Steric engineering of metal-halide perovskites with tunable optical band gaps},
    journal = {Nat. Commun.},
    volume = {5},
    pages = {5757},
    year = {2014}
    }

    @article {AmatNL14,
    author = { Amat, A. and Mosconi, E. and Ronca, E. and Quarti, C. and Umari, P. and Nazeeruddin, M. K. and Grätzel, M. and De Angelis, F.},
    title = {Cation-induced band-gap tuning in organohalide perovskites: Interplay of spin-orbit coupling and octahedra tilting},
    journal = {Nano Lett.},
    volume = {14},
    pages = {3608},
    year = {2014}
    }


    @article {ThomasAC96,
    author = { Thomas, N. W.},
    title = {The compositional dependence of octahedral tilting in orthorhombic and tetragonal perovskites},
    journal = {Acta Crystallogr., Sect. B: Struct. Sci.},
    volume = {52},
    pages = {16},
    year = {1996}
    }

    @article {WoodwardAC97,
    author = { Woodward, P. M.},
    title = {Octahedral tilting in perovskites. I. Geometrical considerations},
    journal = {Acta Crystallogr., Sect. B: Struct. Sci.},
    volume = {53},
    pages = {32},
    year = {1997}
    }

    @article {WoodwardAC97,
    author = { Woodward, P. M.},
    title = {Octahedral tilting in perovskites. II. Structure stabilizing forces},
    journal = {Acta Crystallogr., Sect. B: Struct. Sci.},
    volume = {53},
    pages = {44},
    year = {1997}
    }

    @article {HowardAC98,
    author = { Howard, C. J. and Stokes, H.},
    title = {Group-theoretical analysis of octahedral tilting in perovskites},
    journal = {Acta Crystallogr., Sect. B: Struct. Sci.},
    volume = {54},
    pages = {782},
    year = {1998}
    }

    @article {StokesAC02,
    author = { Stokes, H. T. and Kisi, E. H. and Hatch, D. M. and Howard, C. J.},
    title = {Group-theoretical analysis of octahedral tilting in ferroelectric perovskites},
    journal = {Acta Crystallogr., Sect. B: Struct. Sci.},
    volume = {58},
    pages = {934},
    year = {2002}
    }

    @article {LufasoAC04,
    author = { Lufaso, M. W. and Woodward, P. M.},
    title = {Jahn-Teller distortions, cation ordering and octahedral tilting in perovskites},
    journal = {Acta Crystallogr., Sect. B: Struct. Sci.},
    volume = {60},
    pages = {10},
    year = {2004}
    }

    @article {AngelPRL05,
    author = { Angel, R. and Zhao, J. and Ross, N.},
    title = {General rules for predicting phase transitions in perovskites due to octahedral tilting},
    journal = {Phys. Rev. Lett.},
    volume = {95},
    pages = {025503},
    year = {2005}
    }

    @article {CarpenterAC09,
    author = { Carpenter, M. A. and Howard, C. J.},
    title = {Symmetry rules and strain/order-parameter relationships for coupling between octahedral tilting and cooperative Jahn-Teller transitions in ABX3 perovskites. I. Theory},
    journal = {Acta Crystallogr., Sect. B: Struct. Sci.},
    volume = {65},
    pages = {134},
    year = {2009}
    }

    @article {,
    author = { Glazer, A.},
    title = {Classification of tilted octahedra in perovskites},
    journal = {Acta Crystallogr., Sect. B: Struct. Crystallogr. Cryst. Chem.},
    volume = {28},
    pages = {3384},
    year = {1972}
    }

    @article {,
    author = { Goldschmidt, V.},
    title = {The laws of crystal chemistry},
    journal = {Naturwissenschaften},
    volume = {14},
    pages = {477},
    year = {1926}
    }


    @article {,
    author = { Kieslich, G. and Sun, S. and Cheetham, A. K.},
    title = {An extended Tolerance Factor approach for organic-inorganic perovskites},
    journal = {Chem. Sci.},
    volume = {6},
    pages = {3430},
    year = {2015}
    }

    @article {,
    author = { Kim, J. and Lee, S.-C. and Lee, S.-H. and Hong, K.-H.},
    title = {Importance of Orbital Interactions in Determining Electronic Band Structures of Organo-Lead Iodide},
    journal = {J. Phys. Chem. C},
    volume = {119},
    pages = {4627},
    year = {2015}
    }

    @article {LeeCC15,
    author = { Lee, J.-H. and Bristowe, N. C. and Bristowe, P. D. and Cheetham, A. K.},
    title = {Role of hydrogen-bonding and its interplay with octahedral tilting in CH3NH3PbI3},
    journal = {Chem. Commun. (Cambridge, U. K.)},
    volume = {51},
    pages = {6434},
    year = {2015}
    }


    @article {VESTA,
    author = { Momma, K. and Izumi, F.},
    title = {VESTA: a three-dimensional visualization system for electronic and structural analysis},
    journal = {J. Appl. Crystallogr.},
    volume = {41},
    pages = {653},
    year = {2008}
    }

    @article {KristoffelPSSB67,
    author = { Kristoffel, N. and Konsin, P.},
    title = {Pseudo-Jab-Teller Effect and Second Order Phase Transitions in Crystals},
    journal = {Phys. Status Solidi B},
    volume = {21},
    pages = {K39},
    year = {1967}
    }

    @article {PearsonJMS83,
    author = { Pearson, R. G.},
    title = {The second-order Jahn-Teller effect},
    journal = {J. Mol. Struct.: THEOCHEM},
    volume = {103},
    pages = {25},
    year = {1983}
    }

    @article {garcia-fernandezJPCL10,
    author = { Garcia-Fernandez, P. and Aramburu, J. a. and Barriuso, M. T. and Moreno, M.},
    title = {Key role of covalent bonding in octahedral tilting in perovskites},
    journal = {J. Phys. Chem. Lett.},
    volume = {1},
    pages = {647},
    year = {2010}
    }

 